<?xml version="1.0" encoding="UTF-8"?>
<ting:container xmlns:ting="http://www.dbc.dk/ting" xmlns:dkabm="http://biblstandard.dk/abm/namespace/dkabm/" xmlns:ac="http://biblstandard.dk/ac/namespace/" xmlns:dkdcplus="http://biblstandard.dk/abm/namespace/dkdcplus/" xmlns:oss="http://oss.dbc.dk/ns/osstypes" xmlns:dc="http://purl.org/dc/elements/1.1/" xmlns:dcterms="http://purl.org/dc/terms/" xmlns:xsi="http://www.w3.org/2001/XMLSchema-instance" xmlns:docbook="http://docbook.org/ns/docbook" xmlns:oso="http://oss.dbc.dk/ns/opensearchobjects"><dkabm:record><ac:identifier>3755325|820010</ac:identifier><ac:source>Bibliotekskatalog</ac:source><dc:title>Benjamin Buttons forunderlige liv</dc:title><dc:title xsi:type="dkdcplus:full">Benjamin Buttons forunderlige liv</dc:title><dcterms:alternative>The ¤curious case of Benjamin Button</dcterms:alternative><dc:creator xsi:type="dkdcplus:drt">David Fincher</dc:creator><dc:creator xsi:type="oss:sort">Fincher, David</dc:creator><dc:subject xsi:type="dkdcplus:DK5">77.7</dc:subject><dc:subject xsi:type="dkdcplus:DK5-Text">Spillefilm</dc:subject><dc:subject xsi:type="dkdcplus:DBCS">drama</dc:subject><dc:subject xsi:type="dkdcplus:genre">drama</dc:subject><dcterms:abstract>Benjamin Button har ikke haft et helt almindeligt liv. Han blev født i en 80-årig gammel mands krop i New Orleans i 1918. I dagbogsform får vi hans forunderlige livs historie, hvor han ældes baglæns</dcterms:abstract><dc:description>Originalfilmen: USA : Warner Bros. Pictures : Paramount Pictures : Kennedy/Marshall Company, 2008</dc:description><dc:description>Disc 2: Bonus-disc</dc:description><dc:description>Af indholdet: Special features</dc:description><dcterms:audience xsi:type="dkdcplus:medieraad">Mærkning: Tilladt for børn over 11 år</dcterms:audience><dcterms:audience xsi:type="dkdcplus:age">Fra 11 år</dcterms:audience><dcterms:audience>børnematerialer</dcterms:audience><dcterms:audience>voksenmaterialer</dcterms:audience><dc:publisher>Warner Bros. Entertainment Danmark</dc:publisher><dc:contributor>David Fincher</dc:contributor><dc:contributor>Eric Roth</dc:contributor><dc:contributor>Robin Swicord</dc:contributor><dc:contributor>F. Scott Fitzgerald</dc:contributor><dc:contributor>Claudio Miranda</dc:contributor><dc:contributor xsi:type="dkdcplus:act">Brad Pitt</dc:contributor><dc:contributor xsi:type="dkdcplus:act">Cate Blanchett</dc:contributor><dc:contributor xsi:type="dkdcplus:act">Taraji P. Henson</dc:contributor><dc:contributor xsi:type="dkdcplus:act">Julia Ormond</dc:contributor><dc:contributor xsi:type="dkdcplus:act">Jason Flemyng</dc:contributor><dc:contributor xsi:type="dkdcplus:act">Mahershalhashbaz Ali</dc:contributor><dc:contributor xsi:type="dkdcplus:act">Jared Harris</dc:contributor><dc:contributor xsi:type="dkdcplus:act">Elias Koteas</dc:contributor><dc:contributor xsi:type="dkdcplus:act">Phyllis Somerville</dc:contributor><dc:date>2009</dc:date><dc:type xsi:type="dkdcplus:BibDK-Type">Blu-ray</dc:type><dc:format>2 blu-ray discs, blu-ray</dc:format><dcterms:extent>2 t., 46 min.</dcterms:extent><dc:language xsi:type="dcterms:ISO639-2">mul</dc:language><dc:language>Flere sprog</dc:language><dc:language xsi:type="dkdcplus:spoken">eng</dc:language><dc:language xsi:type="dkdcplus:spoken">ger</dc:language><dc:language xsi:type="dkdcplus:spoken">ita</dc:language><dc:language xsi:type="dkdcplus:spoken">spa</dc:language><dc:language xsi:type="dkdcplus:spoken">por</dc:language><dc:language xsi:type="dkdcplus:spoken">tha</dc:language><dc:language xsi:type="dkdcplus:spoken">tur</dc:language><dc:language xsi:type="dkdcplus:subtitles">ger</dc:language><dc:language xsi:type="dkdcplus:subtitles">ita</dc:language><dc:language xsi:type="dkdcplus:subtitles">spa</dc:language><dc:language xsi:type="dkdcplus:subtitles">dut</dc:language><dc:language xsi:type="dkdcplus:subtitles">chi</dc:language><dc:language xsi:type="dkdcplus:subtitles">kor</dc:language><dc:language xsi:type="dkdcplus:subtitles">por</dc:language><dc:language xsi:type="dkdcplus:subtitles">ind</dc:language><dc:language xsi:type="dkdcplus:subtitles">dan</dc:language><dc:language xsi:type="dkdcplus:subtitles">fin</dc:language><dc:language xsi:type="dkdcplus:subtitles">nor</dc:language><dc:language xsi:type="dkdcplus:subtitles">swe</dc:language><dc:language xsi:type="dkdcplus:subtitles">tha</dc:language><dc:language xsi:type="dkdcplus:subtitles">tur</dc:language><dc:language xsi:type="dkdcplus:subtitles">eng</dc:language></dkabm:record><marcx:collection xmlns:marcx="info:lc/xmlns/marcxchange-v1"><marcx:record format="danMARC2" type="Bibliographic"><marcx:leader>000000000000000000000000</marcx:leader><marcx:datafield tag="001" ind1="0" ind2="0"><marcx:subfield code="a">3755325</marcx:subfield><marcx:subfield code="b">820010</marcx:subfield><marcx:subfield code="c">201006101319</marcx:subfield><marcx:subfield code="d">20100610</marcx:subfield><marcx:subfield code="f">a</marcx:subfield></marcx:datafield><marcx:datafield tag="004" ind1="0" ind2="0"><marcx:subfield code="r">c</marcx:subfield><marcx:subfield code="a">e</marcx:subfield></marcx:datafield><marcx:datafield tag="006" ind1="0" ind2="0"><marcx:subfield code="d">11</marcx:subfield><marcx:subfield code="2">b</marcx:subfield></marcx:datafield><marcx:datafield tag="006" ind1="0" ind2="0"><marcx:subfield code="e">11</marcx:subfield><marcx:subfield code="2">d</marcx:subfield></marcx:datafield><marcx:datafield tag="008" ind1="0" ind2="0"><marcx:subfield code="t">m</marcx:subfield><marcx:subfield code="u">f</marcx:subfield><marcx:subfield code="a">2009</marcx:subfield><marcx:subfield code="b">dk</marcx:subfield><marcx:subfield code="l">mul</marcx:subfield><marcx:subfield code="v">0</marcx:subfield></marcx:datafield><marcx:datafield tag="009" ind1="0" ind2="0"><marcx:subfield code="a">m</marcx:subfield><marcx:subfield code="g">th</marcx:subfield></marcx:datafield><marcx:datafield tag="021" ind1="0" ind2="0"><marcx:subfield code="b">Brugsretskategori: C+</marcx:subfield></marcx:datafield><marcx:datafield tag="023" ind1="0" ind2="0"><marcx:subfield code="a">5051895013229</marcx:subfield></marcx:datafield><marcx:datafield tag="041" ind1="0" ind2="0"><marcx:subfield code="p">eng</marcx:subfield><marcx:subfield code="p">ger</marcx:subfield><marcx:subfield code="p">ita</marcx:subfield><marcx:subfield code="p">spa</marcx:subfield><marcx:subfield code="p">por</marcx:subfield><marcx:subfield code="p">tha</marcx:subfield><marcx:subfield code="p">tur</marcx:subfield><marcx:subfield code="u">ger</marcx:subfield><marcx:subfield code="u">ita</marcx:subfield><marcx:subfield code="u">spa</marcx:subfield><marcx:subfield code="u">dut</marcx:subfield><marcx:subfield code="u">chi</marcx:subfield><marcx:subfield code="u">kor</marcx:subfield><marcx:subfield code="u">por</marcx:subfield><marcx:subfield code="u">ind</marcx:subfield><marcx:subfield code="u">dan</marcx:subfield><marcx:subfield code="u">fin</marcx:subfield><marcx:subfield code="u">nor</marcx:subfield><marcx:subfield code="u">swe</marcx:subfield><marcx:subfield code="u">tha</marcx:subfield><marcx:subfield code="u">tur</marcx:subfield><marcx:subfield code="u">eng</marcx:subfield></marcx:datafield><marcx:datafield tag="096" ind1="0" ind2="0"><marcx:subfield code="z">820010</marcx:subfield><marcx:subfield code="u">Kun til brug på Statsbibliotekets læsesal</marcx:subfield><marcx:subfield code="a">DVD 11120</marcx:subfield></marcx:datafield><marcx:datafield tag="245" ind1="0" ind2="0"><marcx:subfield code="a">Benjamin Buttons forunderlige liv</marcx:subfield><marcx:subfield code="p">The ¤curious case of Benjamin Button</marcx:subfield><marcx:subfield code="e">directed by David Fincher</marcx:subfield><marcx:subfield code="e">screenplay by Eric Roth</marcx:subfield><marcx:subfield code="e">screen story by Eric Roth and Robin Swicord</marcx:subfield><marcx:subfield code="e">from the short story by F. Scott Fitzgerald</marcx:subfield><marcx:subfield code="f">produced by Kathleen Kennedy, Frank Marshall ... Ceán Chaffin</marcx:subfield><marcx:subfield code="e">director of photography Claudio Miranda</marcx:subfield></marcx:datafield><marcx:datafield tag="260" ind1="0" ind2="0"><marcx:subfield code="a">[S.l.]</marcx:subfield><marcx:subfield code="b">Warner Bros. Entertainment Danmark</marcx:subfield><marcx:subfield code="c">2009</marcx:subfield></marcx:datafield><marcx:datafield tag="300" ind1="0" ind2="0"><marcx:subfield code="n">2 blu-ray discs</marcx:subfield><marcx:subfield code="e">blu-ray</marcx:subfield><marcx:subfield code="l">2 t., 46 min.</marcx:subfield></marcx:datafield><marcx:datafield tag="504" ind1="0" ind2="0"><marcx:subfield code="a">Benjamin Button har ikke haft et helt almindeligt liv. Han blev født i en 80-årig gammel mands krop i New Orleans i 1918. I dagbogsform får vi hans forunderlige livs historie, hvor han ældes baglæns</marcx:subfield></marcx:datafield><marcx:datafield tag="508" ind1="0" ind2="0"><marcx:subfield code="a">Engelsk tale, samt synkronisering på tysk, italiensk, spansk, portugisisk, thai og tyrkisk</marcx:subfield></marcx:datafield><marcx:datafield tag="508" ind1="0" ind2="0"><marcx:subfield code="a">Undertekster på tysk, italiensk, spansk, hollandsk, kinesisk, koreansk, portugisisk, indonesisk, dansk, finsk, norsk, svensk, thai og tyrkisk</marcx:subfield></marcx:datafield><marcx:datafield tag="508" ind1="0" ind2="0"><marcx:subfield code="a">Tekstet for hørehæmmede på engelsk, tysk og italiensk</marcx:subfield></marcx:datafield><marcx:datafield tag="508" ind1="0" ind2="0"><marcx:subfield code="a">Fortalt for synshandicappede på engelsk</marcx:subfield></marcx:datafield><marcx:datafield tag="512" ind1="0" ind2="0"><marcx:subfield code="i">Medvirkende</marcx:subfield><marcx:subfield code="e">Brad Pitt, Cate Blanchett, Taraji P. Henson, Julia Ormond, Jason Flemyng, Mahershalhashbaz Ali, Jared Harris, Elias Koteas, Phyllis Somerville ... et al.</marcx:subfield></marcx:datafield><marcx:datafield tag="512" ind1="0" ind2="0"><marcx:subfield code="a">Originalfilmen: USA : Warner Bros. Pictures : Paramount Pictures : Kennedy/Marshall Company, 2008</marcx:subfield></marcx:datafield><marcx:datafield tag="512" ind1="0" ind2="0"><marcx:subfield code="a">Disc 2: Bonus-disc</marcx:subfield></marcx:datafield><marcx:datafield tag="517" ind1="0" ind2="0"><marcx:subfield code="a">Mærkning: Tilladt for børn over 11 år</marcx:subfield></marcx:datafield><marcx:datafield tag="517" ind1="0" ind2="0"><marcx:subfield code="a">Fra 11 år</marcx:subfield></marcx:datafield><marcx:datafield tag="534" ind1="0" ind2="0"><marcx:subfield code="a">Af indholdet: Special features</marcx:subfield></marcx:datafield><marcx:datafield tag="538" ind1="0" ind2="0"><marcx:subfield code="a">Z13 Y22362</marcx:subfield></marcx:datafield><marcx:datafield tag="652" ind1="0" ind2="0"><marcx:subfield code="m">77.7</marcx:subfield></marcx:datafield><marcx:datafield tag="666" ind1="0" ind2="0"><marcx:subfield code="s">drama</marcx:subfield></marcx:datafield><marcx:datafield tag="700" ind1="0" ind2="0"><marcx:subfield code="a">Fincher</marcx:subfield><marcx:subfield code="h">David</marcx:subfield></marcx:datafield><marcx:datafield tag="700" ind1="0" ind2="0"><marcx:subfield code="a">Roth</marcx:subfield><marcx:subfield code="h">Eric</marcx:subfield></marcx:datafield><marcx:datafield tag="700" ind1="0" ind2="0"><marcx:subfield code="a">Swicord</marcx:subfield><marcx:subfield code="h">Robin</marcx:subfield></marcx:datafield><marcx:datafield tag="700" ind1="0" ind2="0"><marcx:subfield code="å">1</marcx:subfield><marcx:subfield code="a">Fitzgerald</marcx:subfield><marcx:subfield code="h">F. Scott</marcx:subfield></marcx:datafield><marcx:datafield tag="700" ind1="0" ind2="0"><marcx:subfield code="a">Miranda</marcx:subfield><marcx:subfield code="h">Claudio</marcx:subfield></marcx:datafield><marcx:datafield tag="n55" ind1="0" ind2="0"><marcx:subfield code="a">20100614</marcx:subfield></marcx:datafield></marcx:record></marcx:collection><oss:openurl/><holdings><holding><type>record</type><pid>820010-katalog:3755325</pid><dataOwner>820010</dataOwner><format>katalog</format><identifier>3755325</identifier><materialOwner>820010</materialOwner><code>a</code><note>Kun til brug på Statsbibliotekets læsesal</note><callNumber>DVD 11120</callNumber><state>a</state></holding></holdings><adminData><creationDate>2010-06-14</creationDate><libraryType>research</libraryType><indexingAlias>danmarcxchange</indexingAlias><accessType>physical</accessType><genre>fiktion</genre><collectionIdentifier>820010-katalog</collectionIdentifier><collectionIdentifier>870970-forsk</collectionIdentifier></adminData></ting:container>